@article{DEH+17,
	title={Calibration to tool use during visually-guided reaching},
	author={Day, Brian and Ebrahimi, Elham and Hartman, Leah S and Pagano, Christopher C and Babu, Sabarish V},
	journal={Acta Psychologica},
	volume={181},
	pages={27--39},
	year={2017},
	publisher={Elsevier}
}

@article{J73,
	title={Visual perception of biological motion and a model for its analysis},
	author={Johansson, Gunnar},
	journal={Perception \& psychophysics},
	volume={14},
	number={2},
	pages={201--211},
	year={1973},
	publisher={Springer}
}

@article{BP98,
	title = "The necessity of a perception-action  approach to definite distance perception: Monocular distance perception to guide reaching.",
	author = "Geoffrey E Bingham and 
	Christopher C. Pagano",
	journal = "Journal of Experimental Psychology: Human Perception and Performance",
	volume = "24",
	number = "1", 
	year = "1998",
	pages = "145--168"
}

@article{RPA+95,
	author = "John J. Rieser and
	Herbert L. Pick and
	Daniel H. Ashmead and
	Anne E Garing",
	title = "Calibration of human locomotion and models of perceptual-motor organization.",
	year = "1995",
	journal = "Journal of Experimental Psychology: Human Perception and Performance",
	volume = "21",
	number = "3",
	pages = "480--497"
}

@inproceedings{MCT06,
	title="The influence of feedback on egocentric distance judgments in real and virtual environments",
	author="Mohler, Betty J and Creem-Regehr, Sarah H and Thompson, William B",
	booktitle="Proceedings of the 3rd symposium on Applied perception in graphics and visualization",
	pages="9--14",
	year="2006",
	organization="ACM"
}

@article{WS98,
	title="Nonvisually guided locomotion to a previously viewed target in real and virtual environments",
	author="Witmer, Bob G and Sadowski, Wallace J",
	journal="Human Factors: The Journal of the Human Factors and Ergonomics Society",
	volume="40",
	number="3",
	pages="478--488",
	year="1998",
	publisher="SAGE Publications"
}

@article{MD05,
	author = "Ross Messing and
	Frank H. Durgin",
	title = "Distance perception and the visual horizon in head-mounted displays.",
	year = "2005",
	journal = "ACM Transactions on Applied Perception (TAP)",
	volume = "2",
	number = "3",
	pages = "234--250"
}

@article{RW05,
	author = "Adam R. Richardson and
	David Waller",
	title = "The effect of feedback training on distance estimation in virtual environments.",
	year = "2005",
	journal = "Applied Cognitive Psychology",
	volume = "19",
	number = "8",
	pages = "1089--1108"
}

@article{WCC+09,
	author = "Peter Willemsen and
	Mark B. Coltona and
	Sarah H. Creem-Regehr and
	William B. Thompson",
	title = "The effects of head-mounted display mechanical properties and field of view on distance judgments in virtual environments.",
	year = "2009",
	journal = "ACM Transactions on Applied Perception (TAP)",
	volume = "6",
	number = "2",
	pages = "1--14"
}

@article{S08,
	title="VR to OR: a review of the evidence that virtual reality simulation improves operating room performance",
	author="Seymour, Neal E",
	journal="World journal of surgery",
	volume="32",
	number="2",
	pages="182--188",
	year="2008",
	publisher="Springer"
}

@article{GNP+10,
	title="How does presentation method and measurement protocol affect distance estimation in real and virtual environments?",
	author="Grechkin, Timofey Y and Nguyen, Tien Dat and Plumert, Jodie M and Cremer, James F and Kearney, Joseph K",
	journal="ACM Transactions on Applied Perception (TAP)",
	volume="7",
	number="4",
	pages="26",
	year="2010",
	publisher="ACM"
}

@article{NAB+11,
	title="Near-field distance perception in real and virtual environments using both verbal and action responses",
	author="Napieralski, Phillip E and Altenhoff, Bliss M and Bertrand, Jeffrey W and Long, Lindsay O and Babu, Sabarish V and Pagano, Christopher C and Kern, Justin and Davis, Timothy A",
	journal="ACM Transactions on Applied Perception (TAP)",
	volume="8",
	number="3",
	pages="18",
	year="2011",
	publisher="ACM"
}

@article{WK98,
	title="Judging perceived and traversed distance in virtual environments",
	author="Witmer, Bob G and Kline, Paul B",
	journal="Presence: Teleoperators and Virtual Environments",
	volume="7",
	number="2",
	pages="144--167",
	year="1998",
	publisher="MIT Press"
}

@article{TWG+04,
	title="Does the quality of the computer graphics matter when judging distances in visually immersive environments?",
	author="Thompson, William B and 
	Willemsen, Peter and 
	Gooch, Amy A and 
	Creem-Regehr, Sarah H and 
	Loomis, Jack M and 
	Beall, Andrew C",
	journal="Presence: Teleoperators and Virtual Environments",
	volume="13",
	number="5",
	pages="560--571",
	year="2004",
	publisher="MIT Press"
}

@inproceedings{HSS+94,
	title="The application of telepresence and virtual reality to subsea exploration",
	author="Hine, B and 
	Stoker, Carol and 
	Sims, Michael and 
	Rasmussen, Daryl and 
	Hontalas, Phil and 
	Fong, T and 
	Steele, J and 
	Barch, D and 
	Andersen, D and 
	Miles, E and 
	others",
	booktitle="Proceeding of the 2nd Workshop on: Mobile Robots for Subsea Environments, International Advanced Robotics Program (IARP), MJ Lee and RB McGee (eds), Monterey, CA",
	pages="117--126",
	year="1994"
}

@inproceedings{ANL+12,
	title="Effects of calibration to visual and haptic feedback on near-field depth perception in an immersive virtual environment",
	author="Altenhoff, Bliss M and Napieralski, Phillip E and Long, Lindsay O and Bertrand, Jeffrey W and Pagano, Christopher C and Babu, Sabarish V and Davis, Timothy A",
	booktitle="Proceedings of the ACM Symposium on Applied Perception",
	pages="71--78",
	year="2012",
	organization="ACM"
}

@article{BR99,
	title="The rate of adaptation to displacement prisms remains constant despite acquisition of rapid calibration.",
	author="Bingham, Geoffrey and Romack, Jennifer L",
	journal="Journal of Experimental Psychology: Human Perception and Performance",
	volume="25",
	number="5",
	pages="1331",
	year="1999",
	publisher="American Psychological Association"
}

@article{WGT+08,
	title="Effects of stereo viewing conditions on distance perception in virtual environments",
	author="Willemsen, Peter and Gooch, Amy A and Thompson, William B and Creem-Regehr, Sarah H",
	journal="Presence: Teleoperators and Virtual Environments",
	volume="17",
	number="1",
	pages="91--101",
	year="2008",
	publisher="MIT Press"
}

@article{PB98,
	title="Comparing measures of monocular distance perception: Verbal and reaching errors are not correlated.",
	author="Pagano, Christopher C and Bingham, Geoffrey P",
	journal="Journal of Experimental Psychology: Human Perception and Performance",
	volume="24",
	number="4",
	pages="1037",
	year="1998",
	publisher="American Psychological Association"
}

@article{PGJ01,
	title="Comparing verbal and reaching responses to visually perceived egocentric distances",
	author="Pagano, Christopher C and Grutzmacher, Richard P and Jenkins, Joseph C",
	journal="Ecological Psychology",
	volume="13",
	number="3",
	pages="197--226",
	year="2001",
	publisher="Taylor \& Francis"
}

@article{PI08,
	title="Expectation affects verbal judgments but not reaches to visually perceived egocentric distances",
	author="Pagano, Christopher C and Isenhower, Robert W",
	journal="Psychonomic bulletin \& review",
	volume="15",
	number="2",
	pages="437--442",
	year="2008",
	publisher="Springer"
}

@article{RBG+95,
	title="Towards quantifying depth and size perception in 3D virtual environments",
	author="Rolland, Jannick P and Burbeck, Christina A and Gibson, William and Ariely, Dan",
	journal="Presence: Teleoperators and Virtual Environments",
	volume="4",
	number="1",
	pages="24--48",
	year="1995",
	publisher="Citeseer"
}

@inproceedings{SSJ+10,
	title="Depth judgment measures and occluding surfaces in near-field augmented reality",
	author="Singh, Gurjot and Swan II, J Edward and Jones, J Adam and Ellis, Stephen R",
	booktitle="Proceedings of the 7th Symposium on Applied Perception in Graphics and Visualization",
	pages="149--156",
	year="2010",
	organization="ACM"
}

@article{CM03,
	title="Human-robot interactions during the robot-assisted urban search and rescue response at the world trade center",
	author="Casper, Jennifer and Murphy, Robin R.",
	journal="Systems, Man, and Cybernetics, Part B: Cybernetics, IEEE Transactions on",
	volume="33",
	number="3",
	pages="367--385",
	year="2003",
	publisher="IEEE"
}

@article{LMJ+95,
	title="Measurement and modeling of depth cue combination: In defense of weak fusion",
	author="Landy, Michael S and Maloney, Laurence T and Johnston, Elizabeth B and Young, Mark",
	journal="Vision research",
	volume="35",
	number="3",
	pages="389--412",
	year="1995",
	publisher="Elsevier"
}

@book{MG06,
	title="The visual brain in action",
	author="Milner, A David and Goodale, Melvyn A",
	volume="2",
	year="2006",
	publisher="Oxford University Press Oxford"
}

@article{KHS+14,
	title={Recalibration of Perceived Distance in Virtual Environments Occurs Rapidly and Transfers Asymmetrically Across Scale},
	author={Kelly, Jonathan W and Hammel, William W and Siegel, Zachary D and Sjolund, Lori A},
	journal={IEEE Transaction on Visualization and Computer Graphics},
	volume={20},
	number={4},
	pages={588--595},
	year={2014}
}

@book{SL88,
	title={Motor Control and Learning, 5E},
	author={Schmidt, Richard A and Lee, Tim},
	year={1988},
	publisher={Human kinetics}
}

@article{FO77,
	title={Effect of distance information and range on two indices of visually perceived distance},
	author={Foley, John M and others},
	journal={Perception},
	volume={6},
	number={4},
	pages={449--460},
	year={1977}
}

@article{KCT13,
	title={Does perceptual-motor calibration generalize across two different forms of locomotion? investigations of walking and wheelchairs.},
	author={Kunz, B. R. and Creem-Regher, S. H. and Thompson, W. B.},
	journal={PLOS one},
	volume={8},
	number={2},
	year={2013}
}




@article{RVH13,
	title={The perception of egocentric distances in virtual environments-a review},
	author={Renner, Rebekka S and Velichkovsky, Boris M and Helmert, Jens R},
	journal={ACM Computing Surveys (CSUR)},
	volume={46},
	number={2},
	pages={23},
	year={2013},
	publisher={ACM}
}

@article{NZG+11,
	title={Effects of scale change on distance perception in virtual environments},
	author={Nguyen, Tien Dat and Ziemer, Christine J and Grechkin, Timofey and Chihak, Benjamin and Plumert, Jodie M and Cremer, James F and Kearney, Joseph K},
	journal={ACM Transactions on Applied Perception (TAP)},
	volume={8},
	number={4},
	pages={26},
	year={2011},
	publisher={ACM}
}

@article{BC12,
	title={Effect of visuomotor calibration and uncertainty on the perception of peripersonal space},
	author={Bourgeois, J{\'e}r{\'e}my and Coello, Yann},
	journal={Attention, Perception, \& Psychophysics},
	volume={74},
	number={6},
	pages={1268--1283},
	year={2012},
	publisher={Springer}
}

@book{BKL+04,
	title={3D user interfaces: theory and practice},
	author={Bowman, Doug A and Kruijff, Ernst and LaViola Jr, Joseph J and Poupyrev, Ivan},
	year={2004},
	publisher={Addison-Wesley}
}

@article{ZBC+13,
	title={Manipulating perception versus action in recalibration tasks},
	author={Ziemer, Christine J and Branson, Mia J and Chihak, Benjamin J and Kearney, Joseph K and Cremer, James F and Plumert, Jodie M},
	journal={Attention, Perception, \& Psychophysics},
	volume={75},
	number={6},
	pages={1260--1274},
	year={2013},
	publisher={Springer}
}

@book{CV95,
	title = "Perceiving layout and knowing distances: The integration, relative potency, and contextual use of different information about depth.",
	author = "James E. Cutting and
	Peter M. Vishton",
	journal = "Perception of Space and Motion",
	volume = "5",
	year = "1995",
	publisher = {Epstein W., Rogers S.},
	pages = "69--117"
}

@article{EAH+14,
	title = {Effects of visual and proprioceptive information in visuo-motor calibration during a closed-loop physical reach task in immersive virtual environments.},
	author = {Ebrahimi, Elham and
	Altenhoff, Bliss and
	Hartman, Leah and
	Jones, J. Adam and
	Babu, Sabarish V. and
	Pagano, Christopher C. and
	Davis, Timothy A.
	},
	journal = {In Proceedings of the ACM Symposium on Applied Perception},
	pages = {103--110},
	publisher = {ACM},
	year = {2014}
}

@article{LK03,
	title = {Visual perception of egocentric distance in real and virtual environments.},
	author = {Loomis, Jack M. and
	Knapp, Joshua M.},
	journal = {Virtual and Adaptive Environments},
	volume = {11},
	year = {2003},
	pages = {21--46}
}

@article{JSB13,
	title = {Peripheral stimulation and its effect on perceived spatial scale in virtual environments.},
	author = {Jones, J. Adam and
	Swan, J. Edward and
	Bolas, Mark},
	journal = {Visualization and Computer Graphics, IEEE Transactions on},
	volume = {19},
	number = {4},
	year = {2013},
	pages = {701--710},
	publisher={IEEE}
}

@article{KWS+09,
	title = {Revisiting the effect of quality of graphics on distance judgments in virtual environments: A comparison of verbal reports and blind walking.},
	author = {Kunz, Benjamin R. and
	Wouters, Leah and
	Smith, Daniel and
	Thompson, William B. and
	Creem-Regehr, Sarah H.},
	journal = {Attention, Perception, \& Psychophysics},
	volume  = {71},
	number = {6},
	year = {2009},
	pages = {1284--1293},
	publisher={Springer}
}

@article{SCT+05,
	title = {Throwing versus walking as indicators of distance perception in similar real and virtual environments.},
	author = {Sahm, Cynthia S. and
	Sarah H. Creem-Regehr and
	William B. Thompson and
	Peter Willemsen},
	journal = {ACM Transactions on Applied Perception (TAP)},
	volume = {2},
	number = {1},
	year = {2005},
	pages = {35--45},
	publisher={ACM}
}

@inproceedings{KSS+09,
	title = {Measurement protocols for medium-field distance perception in large-screen immersive displays.},
	author = {Klein, Eric and
	J. Edward Swan and
	Greg S. Schmidt and
	Mark A. Livingston and
	Oliver G. Staadt},
	booktitle={Virtual Reality Conference, 2009. VR 2009. IEEE},
	year = {2009},
	organization={IEEE},
	pages = {107--113}
	
}

@inproceedings{JSS+11,
	title = {Peripheral visual information and its effect on distance judgments in virtual and augmented environments.},
	author = {Jones, J. Adam and
	J. Edward Swan II and
	Gurjot Singh and
	Stephen R. Ellis},
	year = {2011},
	month = {August},
	booktitle={Proceedings of the ACM SIGGRAPH Symposium on Applied Perception in Graphics and Visualization},
	pages = {29--36},
	organization={ACM}
}

@article{RW07,
	title = {Interaction with an immersive virtual environment corrects users' distance estimates.},
	author = {Richardson, Adam R. and
	David Waller},
	journal = {Human Factors: The Journal of the Human Factors and Ergonomics Society},
	volume = {49},
	number = {3},
	year = {2007},
	pages = {507--517},
	publisher={Sage Publications}
}

@inproceedings{IRA07,
	title = {Seven league boots: A new metaphor for augmented locomotion through moderately large scale immersive virtual environments.},
	author = {Interrante, Victoria and
	Brian Ries and Lee Anderson},
	booktitle={3D User Interfaces, 2007. 3DUI'07. IEEE Symposium on},
	organization={IEEE},
	year = {2007}
}

@book{BL95,
	title = {Communication in the age of virtual reality.},
	author = {Biocca, Frank and
	Mark R. Levy},
	publisher = {Routledge},
	year = {1995}
}

@article{PDH+13,
	title = {The Effects of Interaction and Visual Fidelity on Learning Outcomes for a Virtual Pediatric Patient System.},
	author = {Pence, Toni Bloodworth and
	Lauren Cairco Dukes and
	Larry F. Hodges and
	Nancy K. Meehan and
	Arlene Johnson},
	booktitle={Healthcare Informatics (ICHI), 2013 IEEE International Conference on},
	pages = {209--218},
	organization={IEEE},
	year = {2013}
}

@article{DHH+13,
	title = {Punching ducks for post-stroke neurorehabilitation: System design and initial exploratory feasibility study.},
	author = {Dukes, Patrick S. and
	Austen Hayes and
	Larry F. Hodges
	and Michelle Woodbury},
	proceeding={3D User Interfaces (3DUI), 2013 IEEE Symposium on},
	volume = {2013 IEEE Symposium on},
	pages = {47--54},
	publisher = {IEEE},
	year = {2013}
}

@article{HAB+01,
	title = {Treating psychological and phsyical disorders with VR.},
	author = {Hodges, Larry F. and
	Page Anderson and
	Grigore C. Burdea and
	H. G. Hoffmann and
	Barbara O. Rothbaum},
	journal = {Computer Graphics and Applications, IEEE},
	volume = {21},
	number = {6},
	year = {2001},
	pages = {25--33},
	publisher={IEEE}
}

@incollection{PLM+08,
	title = {Towards a medical virtual reality environment for minimally invasive cardiac surgery.},
	author = {Peters, Terry M. and
	Cristian A. Linte and
	John Moore and
	Daniel Bainbridge and
	Douglas L. Jones and
	Gérard M. Guiraudon},
	booktitle = {Medical Imaging and Augmented Reality},
	pages = {1--11},
	publisher = {Springer},
	year = {2008}
}

@article{S65,
	title = {The ultimate display.},
	author = {Sutherland, Ivan E},
	journal = {Multimedia: From Wagner to virtual reality},
	year = {1965},
}

@article{LBB99,
	title={Immersive virtual environment technology as a basic research tool in psychology},
	author={Loomis, Jack M and Blascovich, James J and Beall, Andrew C},
	journal={Behavior Research Methods, Instruments, \& Computers},
	volume={31},
	number={4},
	pages={557--564},
	year={1999},
	publisher={Springer}
}

@article{G66,
	title={The senses considered as perceptual systems.},
	author={Gibson, James Jerome},
	year={1966},
	publisher={Houghton Mifflin}
}

@article{H93,
	title={A methodological note on overestimates of reaching distance: Distinguishing between perceptual and analytical judgments},
	author={Heft, Harry},
	journal={Ecological Psychology},
	volume={5},
	number={3},
	pages={255--271},
	year={1993},
	publisher={Taylor \& Francis}
}

@article{cukor2009emerging,
	title={Emerging treatments for PTSD},
	author={Cukor, Judith and Spitalnick, Josh and Difede, JoAnn and Rizzo, Albert and Rothbaum, Barbara O},
	journal={Clinical Psychology Review},
	volume={29},
	number={8},
	pages={715--726},
	year={2009},
	publisher={Elsevier}
}





@article{ea+15,
	title={Carryover Effects of Calibration to Visual and Proprioceptive Information on Near Field Distance Judgments in 3D User Interface},
	author={Ebrahimi, Elham and Altenhoff, Bliss M and Pagano, Christopher C and Babu, Sabarish V},
	proceeding={IEEE Symposium on 3D User Interfaces 2015},
	year={2015},
	pages={97--104}
}

@article{ss98,
	title={Hand and joint paths during reaching movements with and without vision},
	author={Sergio, Lauren E and Scott, Stephen H},
	journal={Experimental brain research},
	volume={122},
	number={2},
	pages={157--164},
	year={1998},
	publisher={Springer}
}

@inproceedings{pb14,
	title={Visual feedback for virtual grasping},
	author={Prachyabrued, Mores and Borst, Christoph W},
	booktitle={IEEE Symposium on 3D User Interfaces (3DUI)},
	pages={19--26},
	year={2014}
}

@inproceedings{so+15,
	title={Virtual Proxemics: Locomotion in the Presence of Obstacles in Large Immersive Projection Environments},
	author={Sanz, Ferran Argelaguet and Olivier, Anne-H{\'e}l{\`e}ne and Bruder, Gerd and Pettr{\'e}, Julien and L{\'e}cuyer, Anatole},
	booktitle={IEEE Virtual Reality},
	year={2015},
	proceeding={IEEE Symposium on 3D User Interfaces 2015},
	pages={75--80}
	
}

@incollection{cb+11,
	title={Tactile feedback in surgical robotics},
	author={Culjat, Martin O and Bisley, James W and King, Chih-Hung and Wottawa, Christopher and Fan, Richard E and Dutson, Erik P and Grundfest, Warren S},
	booktitle={Surgical Robotics},
	pages={449--468},
	year={2011},
	publisher={Springer}
}

@book{bb+96,
	title={Force and touch feedback for virtual reality},
	author={Burdea, Grigore C and Burdea, Grigore C and Burdea, Cristian},
	year={1996},
	publisher={Wiley New York}
}

@article{c95,
	title={Potency, and Contextual Use of Different In\_fi) rmation about Depth},
	author={Cutting, James E},
	journal={Perception of space and motion},
	pages={69},
	year={1995},
	publisher={Academic Press}
}

@article{cp+10,
	title={Synchronizing self and object movement: how child and adult cyclists intercept moving gaps in a virtual environment.},
	author={Chihak, Benjamin J and Plumert, Jodie M and Ziemer, Christine J and Babu, Sabarish and Grechkin, Timofey and Cremer, James F and Kearney, Joseph K},
	journal={Journal of experimental psychology: human perception and performance},
	volume={36},
	number={6},
	pages={1535},
	year={2010},
	publisher={American Psychological Association}
}

@article{bm+99,
	title={The regulation of externally paced human locomotion in virtual reality},
	author={Buekers, Martinus and Montagne, Gilles and de Rugy, Aymar and Laurent, Michel},
	journal={Neuroscience Letters},
	volume={275},
	number={3},
	pages={171--174},
	year={1999},
	publisher={Elsevier}
}

@article{vo09,
	title={The value of haptic feedback in conventional and robot-assisted minimal invasive surgery and virtual reality training: a current review},
	author={Van der Meijden, OAJ and Schijven, MP},
	journal={Surgical endoscopy},
	volume={23},
	number={6},
	pages={1180--1190},
	year={2009},
	publisher={Springer}
}

@inproceedings{kw+13,
	title={Redirected Touching: Training and adaptation in warped virtual spaces},
	author={Kohli, Luv and Whitton, Mary C and Brooks, Frederick P},
	booktitle={IEEE Symposium on 3D User Interfaces (3DUI)},
	pages={79--86},
	year={2013}
}

@inproceedings{NS+15,
	title={Comparing the performance of natural, semi-natural, and non-natural locomotion techniques in virtual reality},
	author={Nabiyouni, Mahdi and Saktheeswaran, Ayshwarya and Bowman, Doug A and Karanth, Ambika},
	booktitle={IEEE Symposium on 3D User Interfaces (3DUI)},
	pages={3--10},
	year={2015}
}

@article{ts55,
	title={The anatomy and mechanics of the human hand},
	author={Taylor, Craig L and Schwarz, Robert J},
	journal={Artificial limbs},
	volume={2},
	number={2},
	pages={22--35},
	year={1955},
	publisher={Hemisphere}
}

@article{kr05,
	title={Exact indexing of dynamic time warping},
	author={Keogh, Eamonn and Ratanamahatana, Chotirat Ann},
	journal={Knowledge and information systems},
	volume={7},
	number={3},
	pages={358--386},
	year={2005},
	publisher={Springer}
}

@article{PT92,
	title={Eigenvectors of the inertia tensor and perceiving the orientation of a hand-held object by dynamic touch},
	author={Pagano, Christopher C and Turvey, Michael T},
	journal={Perception \& Psychophysics},
	volume={52},
	number={6},
	pages={617--624},
	year={1992},
	publisher={Springer}
}

@article{pt98,
	title={Eigenvectors of the inertia tensor and perceiving the orientations of limbs and objects},
	author={Pagano, Christopher C and Turvey, Michael T},
	journal={Journal of Applied Biomechanics},
	volume={14},
	pages={331--359},
	year={1998},
	publisher={HUMAN KINETICS PUBLISHERS, INC.}
}

@article{ps+03,
	title={The role of effort in perceiving distance},
	author={Proffitt, Dennis R and Stefanucci, Jeanine and Banton, Tom and Epstein, William},
	journal={Psychological Science},
	volume={14},
	number={2},
	pages={106--112},
	year={2003},
	publisher={SAGE Publications}
}

@article{wv05,
	title={Depth perception by the active observer},
	author={Wexler, Mark and Van Boxtel, Jeroen JA},
	journal={Trends in cognitive sciences},
	volume={9},
	number={9},
	pages={431--438},
	year={2005},
	publisher={Elsevier}
}

@article{lw+09,
	title={The effects of handedness and reachability on perceived distance.},
	author={Linkenauger, Sally A and Witt, Jessica K and Stefanucci, Jeanine K and Bakdash, Jonathan Z and Proffitt, Dennis R},
	journal={Journal of Experimental Psychology: Human Perception and Performance},
	volume={35},
	number={6},
	pages={1649},
	year={2009},
	publisher={American Psychological Association}
}

@inproceedings{bw95,
	title={Motion signal processing},
	author={Bruderlin, Armin and Williams, Lance},
	booktitle={Proceedings of the 22nd annual conference on Computer graphics and interactive techniques},
	pages={97--104},
	year={1995},
	organization={ACM}
}

@article{LNW+03,
	title={Effects of handling real objects and self-avatar fidelity on cognitive task performance and sense of presence in virtual environments},
	author={Lok, Benjamin and Naik, Samir and Whitton, Mary and Brooks, Frederick P},
	journal={Presence: Teleoperators and Virtual Environments},
	volume={12},
	number={6},
	pages={615--628},
	year={2003},
	publisher={MIT Press}
}

@inproceedings{RIK+08,
	title={The effect of self-embodiment on distance perception in immersive virtual environments},
	author={Ries, Brian and Interrante, Victoria and Kaeding, Michael and Anderson, Lee},
	booktitle={Proceedings of the 2008 ACM symposium on Virtual reality software and technology},
	pages={167--170},
	year={2008},
	organization={ACM}
}

@article{MCW+10,
	title={The effect of viewing a self-avatar on distance judgments in an HMD-based virtual environment},
	author={Mohler, Betty J and Creem-Regehr, Sarah H and Thompson, William B and B{\"u}lthoff, Heinrich H},
	journal={Presence: Teleoperators and Virtual Environments},
	volume={19},
	number={3},
	pages={230--242},
	year={2010},
	publisher={MIT Press}
}

@article{VBC+16,
	title={Effects of Virtual Human Appearance Fidelity on Emotion Contagion in Affective Inter-Personal Simulations},
	author={Volante, Matias and Babu, Sabarish V and Chaturvedi, Himanshu and Newsome, Nathan and Ebrahimi, Elham and Roy, Tania and Daily, Shaundra B and Fasolino, Tracy},
	journal={IEEE transactions on visualization and computer graphics},
	volume={22},
	number={4},
	pages={1326--1335},
	year={2016},
	publisher={IEEE}
}

@article{LNW+03,
	title={Effects of handling real objects and self-avatar fidelity on cognitive task performance and sense of presence in virtual environments},
	author={Lok, Benjamin and Naik, Samir and Whitton, Mary and Brooks, Frederick P},
	journal={Presence: Teleoperators and Virtual Environments},
	volume={12},
	number={6},
	pages={615--628},
	year={2003},
	publisher={MIT Press}
}

@article{SPD+09,
	title={Inducing illusory ownership of a virtual body},
	author={Slater, Mel and P{\'e}rez Marcos, Daniel and Ehrsson, Henrik and Sanchez-Vives, Maria V},
	journal={Frontiers in neuroscience},
	volume={3},
	pages={29},
	year={2009},
	publisher={Frontiers}
}

@article{SPD+08,
	title={Towards a digital body: the virtual arm illusion},
	author={Slater, Mel and P{\'e}rez Marcos, Daniel and Ehrsson, Henrik and Sanchez-Vives, Maria V},
	journal={Frontiers in human neuroscience},
	volume={2},
	pages={6},
	year={2008},
	publisher={Frontiers}
}

@article{BGS13,
	title={Illusory ownership of a virtual child body causes overestimation of object sizes and implicit attitude changes},
	author={Banakou, Domna and Groten, Raphaela and Slater, Mel},
	journal={Proceedings of the National Academy of Sciences},
	volume={110},
	number={31},
	pages={12846--12851},
	year={2013},
	publisher={National Acad Sciences}
}

@article{MS13,
	title={The building blocks of the full body ownership illusion},
	author={Maselli, Antonella and Slater, Mel},
	journal={Frontiers in human neuroscience},
	volume={7},
	pages={83},
	year={2013},
	publisher={Frontiers}
}

@inproceedings{WJS+08,
	title={Distance perception in virtual environments},
	author={Williams, Betsy and Johnson, Derek and Shores, Lucy and Narasimham, Gayathri},
	booktitle={Proceedings of the 5th symposium on Applied perception in graphics and visualization},
	pages={193--193},
	year={2008},
	organization={ACM}
}

@article{MBB12,
	title={Render me real?: investigating the effect of render style on the perception of animated virtual humans},
	author={McDonnell, Rachel and Breidt, Martin and B{\"u}lthoff, Heinrich H},
	journal={ACM Transactions on Graphics (TOG)},
	volume={31},
	number={4},
	pages={91},
	year={2012},
	publisher={ACM}
}

@inproceedings{LJ16,
	title={Need a hand?: how appearance affects the virtual hand illusion},
	author={Lin, Lorraine and J{\"o}rg, Sophie},
	booktitle={Proceedings of the ACM Symposium on Applied Perception},
	pages={69--76},
	year={2016},
	organization={ACM}
}

@article{MH15,
	title={The role of agency for perceived ownership in the virtual hand illusion},
	author={Ma, Ke and Hommel, Bernhard},
	journal={Consciousness and cognition},
	volume={36},
	pages={277--288},
	year={2015},
	publisher={Elsevier}
}

@inproceedings{HUH10,
	title={That avatar is looking at me! social inhibition in virtual worlds},
	author={Hayes, Austen L and Ulinski, Amy C and Hodges, Larry F},
	booktitle={International Conference on Intelligent Virtual Agents},
	pages={454--467},
	year={2010},
	organization={Springer}
}

@article{SAD+06,
	title={A virtual reprise of the Stanley Milgram obedience experiments},
	author={Slater, Mel and Antley, Angus and Davison, Adam and Swapp, David and Guger, Christoph and Barker, Chris and Pistrang, Nancy and Sanchez-Vives, Maria V},
	journal={PloS one},
	volume={1},
	number={1},
	pages={e39},
	year={2006},
	publisher={Public Library of Science}
}

@inproceedings{ZUG+07,
	title={Social responses to virtual humans: implications for future interface design},
	author={Zanbaka, Catherine Amine and Ulinski, Amy Catherine and Goolkasian, Paula and Hodges, Larry F},
	booktitle={Proceedings of the SIGCHI conference on Human factors in computing systems},
	pages={1561--1570},
	year={2007},
	organization={ACM}
}

@article{M11,
	title={Exploring the effects of higher-fidelity display and interaction for virtual reality games},
	author={McMahan, Ryan Patrick},
	year={2011},
	publisher={Virginia Tech}
}

@article{EBP+16,
	title={An empirical evaluation of visuo-haptic feedback on physical reaching behaviors during 3D interaction in real and immersive virtual environments},
	author={Ebrahimi, Elham and Babu, Sabarish V and Pagano, Christopher C and J{\"o}rg, Sophie},
	journal={ACM Transactions on Applied Perception (TAP)},
	volume={13},
	number={4},
	pages={19},
	year={2016},
	publisher={ACM}
}

@article{KHS+14,
	title={Recalibration of perceived distance in virtual environments occurs rapidly and transfers asymmetrically across scale},
	author={Kelly, Jonathan W and Hammel, William W and Siegel, Zachary D and Sjolund, Lori A},
	journal={IEEE transactions on visualization and computer graphics},
	volume={20},
	number={4},
	pages={588--595},
	year={2014},
	publisher={IEEE}
}

@inproceedings{RIM+09,
	title={Analyzing the effect of a virtual avatar's geometric and motion fidelity on ego-centric spatial perception in immersive virtual environments},
	author={Ries, Brian and Interrante, Victoria and Kaeding, Michael and Phillips, Lane},
	booktitle={Proceedings of the 16th ACM Symposium on Virtual Reality Software and Technology},
	pages={59--66},
	year={2009},
	organization={ACM}
}

@article{SK04,
	title={Visual feedback control of hand movements},
	author={Saunders, Jeffrey A and Knill, David C},
	journal={The Journal of neuroscience},
	volume={24},
	number={13},
	pages={3223--3234},
	year={2004},
	publisher={Soc Neuroscience}
}

@article{F15,
	title={Eye movements and their functions in everyday tasks},
	author={Foulsham, Tom},
	journal={Eye},
	volume={29},
	number={2},
	pages={196--199},
	year={2015},
	publisher={Nature Publishing Group}
}

@article{PBL+00,
	title={Exploring the limits of peripheral vision for the control of movement},
	author={Proteau, Luc and Boivin, Karine and Linossier, St{\'e}phane and Abahnini, Kh{\'e}mais},
	journal={Journal of Motor Behavior},
	volume={32},
	number={3},
	pages={277--286},
	year={2000},
	publisher={Taylor \& Francis}
}

@article{HHC+98,
	title={On-line control of rapid aiming movements: Unexpected target perturbations and movement kinematics.},
	author={Heath, Matthew and Hodges, Nicola J and Chua, Romeo and Elliott, Digby},
	journal={Canadian Journal of Experimental Psychology/Revue canadienne de psychologie exp{\'e}rimentale},
	volume={52},
	number={4},
	pages={163},
	year={1998},
	publisher={Canadian Psychological Association}
}

@inproceedings{MBS+11,
	title={The influence of avatar (self and character) animations on distance estimation, object interaction and locomotion in immersive virtual environments},
	author={McManus, Erin A and Bodenheimer, Bobby and Streuber, Stephan and De La Rosa, Stephan and B{\"u}lthoff, Heinrich H and Mohler, Betty J},
	booktitle={Proceedings of the ACM SIGGRAPH Symposium on applied perception in graphics and visualization},
	pages={37--44},
	year={2011},
	organization={ACM}
}